<record><leader>00000cas a22000007a 4500</leader><controlfield tag="001">28439373</controlfield><controlfield tag="008">930712d193819uucauwr ne      0    0eng d</controlfield><datafield ind1=" " ind2=" " tag="010"><subfield code="a">sn 93051569 </subfield></datafield><datafield ind1=" " ind2=" " tag="040"><subfield code="a">CUY</subfield><subfield code="b">eng</subfield><subfield code="c">CNK</subfield><subfield code="d">OCLCQ</subfield></datafield><datafield ind1=" " ind2=" " tag="042"><subfield code="a">msc</subfield></datafield><datafield ind1="0" ind2="0" tag="245"><subfield code="a">Stanislaus County rural press and Waterford news.</subfield></datafield><datafield ind1=" " ind2=" " tag="260"><subfield code="a">Waterford, Stanislaus County, Calif. :</subfield><subfield code="b">I.R. Delbon</subfield></datafield><datafield ind1=" " ind2=" " tag="300"><subfield code="a">v.</subfield></datafield><datafield ind1=" " ind2=" " tag="310"><subfield code="a">Weekly</subfield></datafield><datafield ind1="0" ind2=" " tag="362"><subfield code="a">Vol. 20, no. 3 (Apr. 15, 1938)-</subfield></datafield><datafield ind1=" " ind2="4" tag="651"><subfield code="a">Stanislaus County (Calif.)</subfield><subfield code="v">Newspapers.</subfield></datafield><datafield ind1=" " ind2="4" tag="651"><subfield code="a">Waterford (Calif.)</subfield><subfield code="v">Newspapers.</subfield></datafield><datafield ind1=" " ind2=" " tag="752"><subfield code="a">United States</subfield><subfield code="b">California</subfield><subfield code="c">Stanislaus</subfield><subfield code="d">Waterford.</subfield></datafield><datafield ind1="0" ind2="0" tag="780"><subfield code="t">Waterford news (Waterford, Calif.)</subfield><subfield code="w">(DLC)sn 93051568</subfield></datafield><datafield ind1="1" ind2=" " tag="029"><subfield code="a">AU@</subfield><subfield code="b">000025895145</subfield></datafield></record>